<?xml version="1.0" encoding="UTF-8"?><collection><record><leader>08689ntm a2200613 a 4500</leader><controlfield tag="001">006803417</controlfield><controlfield tag="003">MiAaHDL</controlfield><controlfield tag="005">20190719000000.0</controlfield><controlfield tag="006">m        d        </controlfield><controlfield tag="007">cr bn ---auaua</controlfield><controlfield tag="008">090527s1433    xx            00| ||ara d</controlfield><datafield tag="035" ind1=" " ind2=" "><subfield code="a">(MiU)006803417</subfield></datafield><datafield tag="035" ind1=" " ind2=" "><subfield code="a">sdr-miu006803417</subfield></datafield><datafield tag="040" ind1=" " ind2=" "><subfield code="a">MiU</subfield><subfield code="c">MiU</subfield><subfield code="e">amremm</subfield></datafield><datafield tag="043" ind1=" " ind2=" "><subfield code="a">n-us-mi</subfield></datafield><datafield tag="100" ind1="1" ind2=" "><subfield code="6">880-01</subfield><subfield code="a">Burhān al-Sharīʻah, Maḥmūd ibn ʻUbayd Allāh,</subfield><subfield code="d">-1274 or 1275.</subfield></datafield><datafield tag="240" ind1="1" ind2="0"><subfield code="6">880-02</subfield><subfield code="a">Wiqāyat al-riwāyah</subfield></datafield><datafield tag="245" ind1="1" ind2="0"><subfield code="6">880-03</subfield><subfield code="a">Wiqāyat al-riwāyah fī masāʼil al-Hidāyah,</subfield><subfield code="f">[836, i.e. 1433].</subfield></datafield><datafield tag="246" ind1="3" ind2=" "><subfield code="i">Title from inscription on front partial pastedown:</subfield><subfield code="a">وقاية الرواية في مسائل الهداية</subfield></datafield><datafield tag="260" ind1=" " ind2=" "><subfield code="c">[1433].</subfield></datafield><datafield tag="300" ind1=" " ind2=" "><subfield code="a">129 leaves :</subfield><subfield code="b">paper ;</subfield><subfield code="c">270 x 190 (150 x 95) mm.</subfield></datafield><datafield tag="500" ind1=" " ind2=" "><subfield code="a">Shelfmark: Ann Arbor, University of Michigan, Special Collections Library, Isl. Ms. 556</subfield></datafield><datafield tag="500" ind1=" " ind2=" "><subfield code="a">Origin: As appears in colophon on p.258, copied for himself by Maḥmūd ibn Sawindik ibn Khayr ibn Aman Ḥusayn [?] (Mahmut b. Sevindik b. Hayr b. Emen Hüseyin [?]) with transcription completed at the close of Ramaḍān 836 [May 1433].</subfield></datafield><datafield tag="500" ind1=" " ind2=" "><subfield code="a">Accompanying materials: a. Inventory cataloguing slip in hand of Winifred Smeaton Thomas -- b. Acquisitions slip from Yahuda -- c. Slip with notes in Turkish (paginated pp.47-48) -- d. Slip with title and inventory number (paginated pp.107-108).</subfield></datafield><datafield tag="500" ind1=" " ind2=" "><subfield code="a">Former shelfmark: From front flyleaf and fore edge flap label "IL 415a" (likely supplied by Yahuda, see acquisitions slip).</subfield></datafield><datafield tag="500" ind1=" " ind2=" "><subfield code="a">Binding: Pasteboards covered in dark brown leather with tan leather repairs at spine, fore edge flap and board edges ; Type II binding (with flap) ; board linings (doublures) in shell marbled paper (in pink, light and dark blue, white) now partially covered by flyleaves in brown wove paper (partially affixed to the boards) ; upper and lower covers carry a blind-stamped scalloped mandorla filled with vegetal decoration (compare Déroche class. NA 5) ; now sewn in cream thread, two stations ; worked chevron endbands in red and yellow, good condition ; overall in somewhat poor condition with abrasion, lifting and losses of leather (particularly at foreedge flap which is detaching at lower cover), staining, etc. ; numerous repairs.</subfield></datafield><datafield tag="500" ind1=" " ind2=" "><subfield code="a">Support: non-European laid paper of perhaps several types ; mainly with 9 laid lines per cm. (horizontal) and chain lines visible but fairly indistinct and difficult to discern (possibly grouped in threes or threes and twos with 8-10 mm. between chains and 42 mm. between groups, see p.234), thick and now soft though well-burnished (some leaves till quite glossy) ; staining and tide lines ; some added leaves in European laid paper ; replacements leaves (see pp.149-166) on a European laid paper with 8 laid lines per cm. (horizontal), chain lines spaced 26 mm. apart (vertical), and crown-star watermark (see p.166 and compare no.70 in Nikolaev, Watermarks of the Ottoman Empire, vol.1), sturdy and well-burnished.</subfield></datafield><datafield tag="500" ind1=" " ind2=" "><subfield code="a">Decoration: Keywords, section headings and abbreviation symbols (mainly two-teeth stroke) rubricated ; textual dividers in the form of red inverted commas.</subfield></datafield><datafield tag="500" ind1=" " ind2=" "><subfield code="a">Script: Naskh ; clear, elegant hand in a narrow line ; virtually serifless and freely ligatured with slight inclination to the left, elongation of horizontal strokes, curvilinear descenders, tāʼ marbūṭah and hāʼ set down in foot / tail of preceding dāl, rāʼ, etc., final hāʼ and preceding rāʼ, etc. often assimilated, kāf mashqūqah preferred (even final kāf) but occasionally (in headings) represented by little kāf seated on vertical stroke (see p.93), pointing mainly in strokes rather than distinct dots ; text of replacement leaves (pp.149-166) in a Turkish naskh, partially seriffed, inclined to the left, pointing in conjoined dots or strokes.</subfield></datafield><datafield tag="500" ind1=" " ind2=" "><subfield code="a">Layout: Written in 15 lines per page ; frame-ruled.</subfield></datafield><datafield tag="500" ind1=" " ind2=" "><subfield code="a">Collation: i, 4 (4), V-2 (12), V (22), 3 (25), 2 IV (41), 2 V(61), I (63), V (73), IV (81), IV+1 (90), 3 V(120), V-2+1 (129), i ; chiefly quinions ; catchwords present ; foliation in black ink, Hindu-Arabic numerals ; pagination in pencil, Western numerals, supplied during digitization (includes added leaves and some inserts).</subfield></datafield><datafield tag="500" ind1=" " ind2=" "><subfield code="a">Colophon: "Scribal," triangular, reads "تمت الكتاب الوقاية بالعون والهداية على يد العبد الضعيف المحتاج الى رحمة ربه اللطيف محمود بن سوندك بن خير بن امن حسين [؟] اللهم اغفر لهم برحمتك يا عزيز يا رحمن في آخر الشهر المبارك رمضان من يوم الخميس [؟] في وقت الضحوة الكبرى في تاريخ سنة ست وثلاثين وثمانمائة كتبه لنفسه ولمن يقرأ من بعده"</subfield></datafield><datafield tag="500" ind1=" " ind2=" "><subfield code="a">Explicit: "وفي غنم مذبوحة فيها ميتة هي اقل تحرى واكل في الاختيار"</subfield></datafield><datafield tag="500" ind1=" " ind2=" "><subfield code="a">Incipit: "حمد من جعل العلم لجل [اجل] المواهب الهنية واسناءها واعلى المراتب السنية واسماءها ... وبعد فان الولد الاعز عبيد الله ... لما فرغ من حفظ الكتب الادبية وتحقيق لطائف الفضل ونكت العربية احببت ان يحفظ في علم الاحكام كتابا رائعا ولعيون مسائل الفقه راعيا مقبول الترتيب والنظام مستحسنا عند الخواص والعوام وما الفيت في المختصرات ما هذا شانه فالفت في رواية كتاب الهداية ... مختصرا جامعا لجميع مسائله ... موسوما بوقاية الرواية في مسائل الهداية ..."</subfield></datafield><datafield tag="500" ind1=" " ind2=" "><subfield code="a">Title from opening matter on p.11.</subfield></datafield><datafield tag="500" ind1=" " ind2=" "><subfield code="a">Ms. codex.</subfield></datafield><datafield tag="510" ind1="4" ind2=" "><subfield code="a">Nikolaev, Vsevolod. Watermarks of the mediaeval Ottoman documents in Bulgarian libraries. In Watermarks of the Ottoman Empire, volume 1. Sofia: Bulgarian Academy of Sciences, 1954.</subfield></datafield><datafield tag="510" ind1="4" ind2=" "><subfield code="a">Ḥājjī Khalīfah. Kashf al-ẓunūn,</subfield><subfield code="c">vi 458</subfield></datafield><datafield tag="510" ind1="4" ind2=" "><subfield code="a">Brockelmann, C. GAL,</subfield><subfield code="c">I 376</subfield></datafield><datafield tag="520" ind1="8" ind2=" "><subfield code="a">Extensively annoted copy of the epitome on the celebrated work of Ḥanafī fiqh, al-Hidāyah by ʻAlī ibn Abī Bakr al-Marghīnānī (d. 1196 or 7) with table of contents (pp.3-4) and many notes and excerpts at opening and close of codex.</subfield></datafield><datafield tag="538" ind1=" " ind2=" "><subfield code="a">Mode of access: Internet.</subfield></datafield><datafield tag="541" ind1=" " ind2=" "><subfield code="a">Acquired in 1926 from the bookseller Isaac Benjamin S.E. Yahuda via purchase transacted on his behalf by Abraham Shalom Yahuda (1877-1951), his younger brother.</subfield></datafield><datafield tag="546" ind1=" " ind2=" "><subfield code="a">Arabic.</subfield></datafield><datafield tag="561" ind1=" " ind2=" "><subfield code="a">Two ownership statements on added leaf (p.8), one statement dated 1097 [1685 or 6] in name of one Muḥammad (Mehmet) "صاحبه ومالكه محمد سنه ٩۷" and another in name of al-Ḥājj Mūsá ibn al-Ḥājj Muḥammad "دخل في يد الفقير اليه سبحانه الحاج موسى ابن الحاج محمد غفر لهما" ; a few effaced former owners' marks on 'title page' (p.9) including large circular seal impression, oval seal impression and statement ; also on 'title page' (p.9) an inscription within a circle outlining the size of a dirham valued by Muḥammad ibn al-Ḥasan as related by Abū al-Ḥafṣ, taken from an inscription itself taken from an inscription in the hand of Ḥāfiẓ al-Dīn al-Bukhārī (Abū al-Faḍl Muḥammad ibn Muḥammad, d. 693/1293-4) ; collation statements on 'title page' (p.9) "عدد اوراق ١۴۳" and "عدد ١۴۳" and on verso of final leaf (p.260) "عدد اوراقه ۱٤١" ; among other excerpts on verso of a leaf following the close of the text (p.260, originally left blank), a magic square useful against plague (or epidemic, al-wabāʼ), received from the Prophet in a dream ; extensive marginal and interlinear glosses ; occasional corrections.</subfield></datafield><datafield tag="600" ind1="1" ind2="0"><subfield code="a">Marghīnānī, ʻAlī ibn Abī Bakr,</subfield><subfield code="d">d. 1196 or 7.</subfield><subfield code="t">Hidāyah.</subfield></datafield><datafield tag="650" ind1=" " ind2="0"><subfield code="a">Manuscripts, Arabic</subfield><subfield code="z">Michigan</subfield><subfield code="z">Ann Arbor.</subfield></datafield><datafield tag="650" ind1=" " ind2="0"><subfield code="a">Hanafites</subfield><subfield code="v">Early works to 1800.</subfield></datafield><datafield tag="650" ind1=" " ind2="0"><subfield code="a">Islamic law</subfield><subfield code="x">Interpretation and construction</subfield><subfield code="v">Early works to 1800.</subfield></datafield><datafield tag="700" ind1="0" ind2=" "><subfield code="6">880-04</subfield><subfield code="a">Mahmut bin Sevindik,</subfield><subfield code="d">fl. 1433,</subfield><subfield code="e">scribe.</subfield></datafield><datafield tag="773" ind1="0" ind2=" "><subfield code="a">Yahuda Collection.</subfield></datafield><datafield tag="880" ind1="0" ind2=" "><subfield code="6">700-04/</subfield><subfield code="a">محمود بن سوندك,</subfield><subfield code="e">ناسخ.</subfield></datafield><datafield tag="880" ind1="1" ind2="0"><subfield code="6">245-03/</subfield><subfield code="a">وقاية الرواية في مسائل الهداية,</subfield><subfield code="f">[836ه، 1433م].</subfield></datafield><datafield tag="880" ind1="1" ind2="0"><subfield code="6">240-02/</subfield><subfield code="a">وقاية الرواية</subfield></datafield><datafield tag="880" ind1="1" ind2=" "><subfield code="6">100-01/</subfield><subfield code="a">برهان الشريعة, محمود بن عبيد الله.</subfield></datafield><datafield tag="CID" ind1=" " ind2=" "><subfield code="a">006803417</subfield></datafield><datafield tag="DAT" ind1="0" ind2=" "><subfield code="a">20190719102636.0</subfield><subfield code="b">20190719000000.0</subfield></datafield><datafield tag="DAT" ind1="1" ind2=" "><subfield code="a">20190719090653.0</subfield><subfield code="b">2019-07-19T16:11:37Z</subfield></datafield><datafield tag="DAT" ind1="2" ind2=" "><subfield code="a">2015-10-02T18:00:03Z</subfield></datafield><datafield tag="CAT" ind1=" " ind2=" "><subfield code="a">SDR-MIU</subfield><subfield code="d">EX LIBRIS - ALEPH</subfield><subfield code="l">prepare.pl-004-008</subfield></datafield><datafield tag="FMT" ind1=" " ind2=" "><subfield code="a">BK</subfield></datafield><datafield tag="HOL" ind1=" " ind2=" "><subfield code="0">sdr-miu006803417</subfield><subfield code="a">MiU</subfield><subfield code="b">SDR</subfield><subfield code="c">MIU</subfield><subfield code="p">mdp.39015079126507</subfield><subfield code="s">MIU</subfield><subfield code="1">006803417</subfield></datafield><datafield tag="974" ind1=" " ind2=" "><subfield code="b">MIU</subfield><subfield code="c">MIU</subfield><subfield code="d">20190719</subfield><subfield code="s">lit-dlps-dc</subfield><subfield code="u">mdp.39015079126507</subfield><subfield code="y">1433</subfield><subfield code="r">pd</subfield><subfield code="q">bib</subfield><subfield code="t">non-US bib date1 &lt; 1896</subfield></datafield></record></collection>